@article{2015-Fast-RCNN,
  author = {Girshick, Ross},
  title  = {Fast R-CNN},
  volume = {\emph{arXiv 1504.08083v2}, 2015},
  year   = {},
  ee     = {http://arxiv.org/abs/1504.08083},
}

@online{2017-Guide-to-RF-cal,
  author =      {Dang Ha The Hien},
  title =       {A guide to receptive field arithmetic for Convolutional Neural Networks},
  urldate  =    {2017-4-6},
  url =         {https://bit.ly/2MLtWQ6},
}

@online{2018-VGG-16-RF-cal,
  author =      {Qin, Zike},
  title =       {Calculate Receptive Field for VGG16},
  urldate  =    {2018-10-11},
  url =         {https://bit.ly/2BMg1Tq},
}

@online{2019-Diff-Conv,
  author =      {Bai, Kunlun},
  title =       {A Comprehensive Introduction to Different Types of Convolutions in Deep Learning},
  urldate  =    {2019-02-12},
  url =         {https://bit.ly/2PkRQUk},
}

@article{2012-AlexNet,
  author = {Krizhevsky, Alex and Sutskever, Ilya and Hinton, Geoffrey E},
  title  = {ImageNet Classification with Deep Convolutional Neural Networks},
  pages  = {1097--1105},                                                                                             
  year   = {2012},
}